@article{katzenbeisser2000digital,
  title={Digital watermarking},
  author={Katzenbeisser, S and Petitcolas, FAP},
  journal={Artech House, London},
  volume={2},
  year={2000},
  publisher={Springer}
}@article{mistry2010comparison,
  title={Comparison of digital water marking methods},
  author={Mistry, Darshana},
  journal={International Journal on Computer Science and Engineering},
  volume={2},
  number={09},
  pages={2905--2909},
  year={2010}
}